@article{ariyasingha2015performance,
  title     = {Performance analysis of the multi-objective ant colony optimization algorithms for the traveling salesman problem},
  author    = {Ariyasingha, IDID and Fernando, TGI},
  journal   = {Swarm and Evolutionary Computation},
  volume    = {23},
  pages     = {11--26},
  year      = {2015},
  publisher = {Elsevier}
}

@article{mahi2015new,
  title     = {A new hybrid method based on particle swarm optimization, ant colony optimization and 3-opt algorithms for traveling salesman problem},
  author    = {Mahi, Mostafa and Baykan, {\"O}mer Kaan and Kodaz, Halife},
  journal   = {Applied Soft Computing},
  volume    = {30},
  pages     = {484--490},
  year      = {2015},
  publisher = {Elsevier}
}
@article{mavrovouniotis2016ant,
  title     = {Ant colony optimization with local search for dynamic traveling salesman problems},
  author    = {Mavrovouniotis, Michalis and M{\"u}ller, Felipe M and Yang, Shengxiang},
  journal   = {IEEE transactions on cybernetics},
  volume    = {47},
  number    = {7},
  pages     = {1743--1756},
  year      = {2016},
  publisher = {IEEE}
}

@article{zhong2018discrete,
  title     = {Discrete comprehensive learning particle swarm optimization algorithm with Metropolis acceptance criterion for traveling salesman problem},
  author    = {Zhong, Yiwen and Lin, Juan and Wang, Lijin and Zhang, Hui},
  journal   = {Swarm and Evolutionary Computation},
  volume    = {42},
  pages     = {77--88},
  year      = {2018},
  publisher = {Elsevier}
}

@inproceedings{marinakis2015adaptive,
  title        = {Adaptive tunning of all parameters in a multi-swarm particle swarm optimization algorithm: An application to the probabilistic traveling salesman problem},
  author       = {Marinakis, Yannis and Marinaki, Magdalene and Migdalas, Athanasios},
  booktitle    = {Optimization, Control, and Applications in the Information Age: In Honor of Panos M. Pardalosâ€™s 60th Birthday},
  pages        = {187--207},
  year         = {2015},
  organization = {Springer}
}

@article{hussain2020simulated,
  title   = {A simulated study of genetic algorithm with a new crossover operator using traveling salesman problem},
  author  = {Hussain, Abid and Muhammad, Yousaf Shad and Sajid, Muhammad Nauman},
  journal = {Punjab University Journal of Mathematics},
  volume  = {51},
  number  = {5},
  year    = {2020}
}

@article{roy2019novel,
  title   = {A novel memetic genetic algorithm for solving traveling salesman problem based on multi-parent crossover technique},
  author  = {Roy, Arindam and Manna, Apurba and Maity, Samir},
  journal = {Decision Making: Applications in Management and Engineering},
  volume  = {2},
  number  = {2},
  pages   = {100--111},
  year    = {2019}
}

@inproceedings{sakai2018edge,
  title        = {Edge assembly crossover using multiple parents for traveling salesman problem},
  author       = {Sakai, Maaki and Hanada, Yoshiko and Orito, Yukiko},
  booktitle    = {2018 Joint 10th International Conference on Soft Computing and Intelligent Systems (SCIS) and 19th International Symposium on Advanced Intelligent Systems (ISIS)},
  pages        = {474--477},
  year         = {2018},
  organization = {IEEE}
}

@article{wang2016multi,
  title     = {Multi-offspring genetic algorithm and its application to the traveling salesman problem},
  author    = {Wang, Jiquan and Ersoy, Okan K and He, Mengying and Wang, Fulin},
  journal   = {Applied soft computing},
  volume    = {43},
  pages     = {415--423},
  year      = {2016},
  publisher = {Elsevier}
}


