@misc{ataqueBBC,
  author = {BBC Brasil},
  title = {{Hackers roubam mais de 1 bilhão de dólares em ataques a bancos}},
  howpublished = "\url{http://www.bbc.com/portuguese/noticias/2015/02/150216_gch_quadrilha_hackers_lk}",
  year = {2015}, 
  note = "[Online; accessed 15-Dezembro-2016]"
}
@misc{internetUIT,
  author = {União Internacional de Telecomunicações},
  title = {{Mobile network coverage and evolving technologies}},
  howpublished = "\url{http://www.itu.int/en/ITU-D/Statistics/Documents/facts/ICTFactsFigures2016.pdf}",
  year = {2016}, 
  note = "[Online; accessed 15-Dezembro-2016]"
}
@misc{relatorioBCB,
  author = {Banco Central do Brasil},
  title = {{RELATÓRIO DE VIGILÂNCIA DO SISTEMA DE PAGAMENTOS BRASILEIRO 2015}},
  howpublished = "\url{http://www.bcb.gov.br/htms/novaPaginaSPB/Relatorio_de_Vigilancia_do_SPB_2015.pdf}",
  year = {2016}, 
  note = "[Online; accessed 8-Fevereiro-2017]"
}


@misc{CERT.br2017,
author = {CERT.br},
pages = {1},
title = {{Incidentes Reportados ao CERT.br -- Janeiro a Dezembro de 2015}},
howpublished = "\url{https://www.cert.br/stats/incidentes/2015-jan-dec/analise.html}",
urldate = {15-02-2017},
year = {2017}
}

@article{patel2010survey,
  title={A survey of intrusion detection and prevention systems},
  author={Patel, Ahmed and Qassim, Qais and Wills, Christopher},
  journal={Information Management \& Computer Security},
  volume={18},
  number={4},
  pages={277--290},
  year={2010},
  publisher={Emerald Group Publishing Limited}
}

@article{Scarfone2007,
abstract = {Accordingly, for brevity the term and prevention system (IDPS) is used throughout the rest of this to refer to both and IPS technologies. ES-1 Page 10. TO AND PREVENTION SYSTEMS (IDPS)},
author = {Scarfone, Karen and Mell, Peter},
doi = {10.6028/NIST.SP.800-94},
file = {:C$\backslash$:/Users/Gustavo/Desktop/UFU/IC/Scarfone, Mell - 2007 - Guide to Intrusion Detection and Prevention Systems (IDPS)-annotated.pdf:pdf},
isbn = {Natl. Inst. Stand. Technol. Spec. Publ. 800-94},
journal = {Nist Special Publication},
pages = {127},
title = {{Guide to Intrusion Detection and Prevention Systems ( IDPS ) Recommendations of the National Institute of Standards and Technology}},
url = {http://www.reference.com/go/http://csrc.ncsl.nist.gov/publications/nistpubs/800-94/SP800-94.pdf},
volume = {800-94},
year = {2007}
}

@misc{Gartner2016,
abstract = {IT Outsourcing, Security Testing and Data Loss Prevention Offer Biggest Growth Opportunities Worldwide spending on information security products and services will reach {\$}81.6 billion in 2016, an increase of 7.9 percent over 2015, according to the latest forecast from Gartner, Inc. Consulting and IT outsourcing are currently the largest categories of spending on information security. Until the end of 2020, the highest growth is expected to come from security testing, IT outsourcing and data loss prevention (DLP).},
author = {Gartner},
title = {{Gartner Says Worldwide Information Security Spending Will Grow 7.9 Percent to Reach {\$}81.6 Billion in 2016}},
howpublished = "\url{http://www.gartner.com/newsroom/id/3404817}",
year = {2016}
}

@misc{UniversityofNewBrunswick2010,
author = {{University of New Brunswick}},
title = {{Intrusion detection evaluation dataset}},
howpublished = "\url{http://www.unb.ca/research/iscx/dataset/iscx-IDS-dataset.html}",
year = {2010}
}

@article{shiravi2012toward,
  title={Toward developing a systematic approach to generate benchmark datasets for intrusion detection},
  author={Shiravi, Ali and Shiravi, Hadi and Tavallaee, Mahbod and Ghorbani, Ali A},
  journal={computers \& security},
  volume={31},
  number={3},
  pages={357--374},
  year={2012},
  publisher={Elsevier}
}

@mastersthesis{rodfoss2011comparison,
  title={Comparison of open source network intrusion detection systems},
  author={R{\o}dfoss, Jonas Taft{\o}},
  year={2011}
}


@inproceedings{miani2015practical,
  title={A Practical Experience on Evaluating Intrusion Prevention System Event Data as Indicators of Security Issues},
  author={Miani, Rodrigo Sanches and Zarpelao, Bruno Bogaz and Sobesto, Bertrand and Cukier, Michel},
  booktitle={Reliable Distributed Systems (SRDS), 2015 IEEE 34th Symposium on},
  pages={296--305},
  year={2015},
  organization={IEEE}
}